@manual{oppgavetekst,
author = {Achim Kohler},
title = {Fotoelektrisk effekt},
organization = {Norges miljø- og biovitenskapelige universitet}
}


@manual{AP-8209,
author = {PASCO},
title = {Photoelectric Effect Apparatus},
organization = {PASCO}
}

@article{taylor1997error,
  title={Error analysis},
  author={Taylor, John R},
  journal={Univ. Science Books, Sausalito, California},
  volume={20},
  year={1997}
}

@article{Einstein,
title={Über einen die Erzeugung und Vervandlung des Lichtes betreffenden heuristischen Gesichtpunkt},
author={Einstein, Albert},
journal={Olympia Academy},
volume={1},
year={1905}}

@MISC{Planckskonstant,
author = {Trygve Holtebekk},
title ={Plancks konstant},
year = {2021},
howpublished={\url{https://snl.no/Plancks_konstant}}
}

@MISC{Bølgelengde,
author = {Maria Vetleseter Bøe},
title ={Bølgelengde},
year = {2021},
howpublished={\url{https://snl.no/bølgelengde}}
}

@MISC{Frekvens,
author = {Maria Vetleseter Bøe},
title ={Frekvens},
year = {2020},
howpublished={\url{https://snl.no/frekvens}}
}

@MISC{elementærladning,
author = {Trygve Holtebekk},
title ={Elementærladning},
year = {2023},
howpublished={\url{https://snl.no/elementærladning}}
}