@article{taylor1997error,
  title={Error analysis},
  author={Taylor, John R},
  journal={Univ. Science Books, Sausalito, California},
  volume={20},
  year={1997}
}

@MISC{strontium-90,
author = {Kierulf, Peter},
title = {strontium-90},
month = jun,
year = {2022},
howpublished={\url{https://sml.snl.no/strontium-90}}
}

@MISC{radioaktivitet,
author = {Holtebekk, Trygve; Bjørnstad, Tor},
title = {radioaktivitet},
month = sep,
year = {2022},
howpublished={\url{https://snl.no/radioaktivitet}}
}

@MISC{Geiger–Müller-teller,
author = {Holtebekk, Trygve; Bjørnstad, Tor},
title = {Geiger–Müller-teller},
month = jan,
year = {2019},
howpublished={\url{https://snl.no/Geiger–Müller-teller}}
}

@MISC{normalfordeling,
author = {Bjørnstad, Jan},
title = {normalfordeling},
month = oct,
year = {2019},
howpublished={\url{https://snl.no/normalfordeling}}
}

@manual{oppgavetekst,
author = {Achim Kohler},
title = {Statistisk analyse av usikkerhet- Fordeling av observasjoner og Poissonfordeling},
year = {2023},
organization = {Norges miljø- og biovitenskapelige universitet}
}
