@manual{oppgavetekst,
author = {Achim Kohler},
title = {Spectral analysis of algae and syrups by UV/vis-spectroscopy},
organization = {Norges milj√∏- og biovitenskapelige universitet}
}

@article{taylor1997error,
  title={Error analysis},
  author={Taylor, John R},
  journal={Univ. Science Books, Sausalito, California},
  volume={20},
  year={1997}
}

@MISC{spektroskopi,
author = {Grethe Wibetoe, Trygve Holtebekk, Marit M Simonsen},
title ={spektroskopi},
year = {2022},
howpublished={\url{https://snl.no/spektroskopi}}
}


@MISC{Quasar,
title = {Quasar},
year = {2022},
howpublished={\url{https://quasar.codes}}
}

@MISC{Orange,
author = {Ferenc Borondics, Francesca Vitali, Gad Shaulsky},
title = {Orange},
year = {2022},
howpublished={\url{https://orangedatamining.com}}
}

@MISC{Alger,
author = {Jahn Throndsen, Einar Skarstad Egeland},
title = {Alger},
year = {2022},
howpublished={\url{https://snl.no/alger}}
}

@MISC{youtube,
    author = {Achim Kohler},
    title = {M4. Principal Components Analysis | Mining Biospectroscopy Data},
    year = {2022},
    howpublished={\url{https://youtu.be/p0GXsC1JGqI}}
}