@manual{oppgavetekst,
author = {Achim Kohler},
title = {Ampermeter og voltmeter},
year = {2023},
organization = {Norges miljø- og biovitenskapelige universitet}
}

@article{taylor1997error,
  title={Error analysis},
  author={Taylor, John R},
  journal={Univ. Science Books, Sausalito, California},
  volume={20},
  year={1997}
}

@MISC{Ohms_lov,
author = {Paul Bjørn Andersen},
title ={Ohms lov},
year = {2021},
howpublished={\url{https://snl.no/Ohms_lov}}
}

@MISC{Elektrisk_strøm,
author = {Øyvind Grøn},
title ={Elektrisk strøm},
year = {2021},
howpublished={\url{https://snl.no/elektrisk_strøm}}
}