@manual{oppgavetekst,
author = {Achim Kohler},
title = {Bestemmelse av tyngdens akselerasjon},
organization = {Norges miljø- og biovitenskapelige universitet}
}

@article{taylor1997error,
  title={Error analysis},
  author={Taylor, John R},
  journal={Univ. Science Books, Sausalito, California},
  volume={20},
  year={1997}
}

@MISC{Gravitasjon,
author = {Helmut Ormestad;Øyvind Grøn},
title ={Gravitasjon},
year = {2021},
howpublished={\url{https://snl.no/gravitasjon}}
}

@MISC{Pendel,
author = {Jostein Riiser Kristiansen},
title ={Pendel (Fysikk)},
year = {2020},
howpublished={\url{https://snl.no/pendel_-_fysikk}}
}